@article{knuth84,
  author = {Knuth, Donald E.},
  title = {Literate Programming},
  year = {1984},
  issue_date = {May 1984},
  publisher = {Oxford University Press, Inc.},
  address = {USA},
  volume = {27},
  number = {2},
  issn = {0010-4620},
  url = {https://doi.org/10.1093/comjnl/27.2.97},
  doi = {10.1093/comjnl/27.2.97},
  journal = {Comput. J.},
  month = may,
  pages = {97–111},
  numpages = {15}
}



@article{hse2024,
	title = {Costs to Great Britain of workplace injuries and new cases of work-related Ill Health {\textendash} 2022/23},
	author = {HSE, },
	year = {2024},
	date = {2024},
	url = {https://www.hse.gov.uk/statistics/cost.htm}
}

@article{swa2015,
	title = {The cost of work-related injury and illness for Australian employers, workers and the community: 2012-13},
	author = {SWA, },
	year = {2015},
	date = {2015},
	note = {OCLC: 1327955282},
	langid = {eng}
}

@article{usaosha2015,
	title = {Adding inequality to injury the costs of failing to protect workers on the job},
	author = {USA OSHA, },
	year = {2015},
	date = {2015}
}

@article{doe2012,
	title = {Accident and Operational Safety Analysis, Volume II, Operational Safety Analysis Techniques},
	author = {DOE, },
	year = {2012},
	date = {2012},
	url = {https://www.standards.doe.gov/standards-documents/1200/1208-bhdbk-2012-v2}
}

@article{hse2004,
	title = {Investigating accidents and incidents},
	author = {HSE, },
	year = {2004},
	date = {2004},
	url = {https://www.hse.gov.uk/pubns/books/hsg245.htm}
}

@article{ilo2015,
	title = {Investigation of Occupational Accidents and Diseases: A Practical Guide for Labour Inspectors},
	author = {ILO, },
	year = {2015},
	date = {2015},
	url = {https://www.ilo.org/publications/investigation-occupational-accidents-and-diseases},
	langid = {Eng}
}

@article{usaosha2015a,
	title = {Incident [accident] investigations: A guide for employers},
	author = {USA OSHA, },
	year = {2015},
	date = {2015},
	url = {https://www.osha.gov/incident-investigation}
}

@article{wachter2014,
	title = {A system of safety management practices and worker engagement for reducing and preventing accidents: An empirical and theoretical investigation},
	author = {Wachter, Jan K. and Yorio, Patrick L.},
	year = {2014},
	month = {07},
	date = {2014-07},
	journal = {Accident Analysis & Prevention},
	pages = {117--130},
	volume = {68},
	doi = {10.1016/j.aap.2013.07.029},
	url = {https://linkinghub.elsevier.com/retrieve/pii/S0001457513002972},
	langid = {en}
}

@misc{iso,
	title = {ISO 45001:2018 Occupational health and safety management systems: Requirements with guidance for use},
	author = {ISO, }
}

@article{caiazza2023,
	title = {Industrial accidents: The mediating effect of corporate social responsibility and environmental policy measures},
	author = {Caiazza, Stefano and Galloppo, Giuseppe and Lattanzio, Gabriele},
	year = {2023},
	month = {05},
	date = {2023-05},
	journal = {Corporate Social Responsibility and Environmental Management},
	pages = {1191--1203},
	volume = {30},
	number = {3},
	doi = {10.1002/csr.2413},
	url = {https://onlinelibrary.wiley.com/doi/10.1002/csr.2413},
	langid = {en}
}

@article{zhangchéngmíng(cheng-mingchang)2013,
	title = {事故調查與分析方法之應用},
	author = {{張承明(Cheng-Ming Chang)},  and {于樹偉(Shuh-Woei Yu)},  and {張日誠(Ri-Cheng Chang)}, },
	year = {2013},
	date = {2013},
	journal = {勞工安全衛生研究季刊},
	pages = {86--106},
	volume = {21},
	number = {1},
	url = {Article/Detail?docID=10249877-201303-201304080027-201304080027-86-106},
	note = {Publisher: 行政院勞工委員會勞工安全衛生研究所},
	langid = {繁體中文}
}

@article{hse2004a,
	title = {Investigating accidents and incidents},
	author = {HSE, },
	year = {2004},
	date = {2004},
	url = {https://www.hse.gov.uk/pubns/books/hsg245.htm}
}

@article{usaosha2016,
	title = {Recommended practices for safety and health programs},
	author = {USA OSHA, },
	year = {2016},
	date = {2016},
	url = {https://www.osha.gov/safety-management}
}

@article{cheng-mingchang2013,
	title = {事故調查與分析方法之應用},
	author = {Cheng-Ming Chang,  and Shuh-Woei Yu,  and {張日誠(Ri-Cheng Chang)}, },
	year = {2013},
	date = {2013},
	journal = {勞工安全衛生研究季刊},
	pages = {86--106},
	volume = {21},
	number = {1},
	url = {Article/Detail?docID=10249877-201303-201304080027-201304080027-86-106},
	note = {Publisher: 行政院勞工委員會勞工安全衛生研究所},
	langid = {繁體中文}
}

@article{cheng-mingchang(zhāngchéngmíng)2013,
	title = {事故調查與分析方法之應用},
	author = {{Cheng-Ming Chang(張承明)},  and {Shuh-Woei Yu(于樹偉)},  and {Ri-Cheng Chang(張日誠)}, },
	year = {2013},
	date = {2013},
	journal = {勞工安全衛生研究季刊},
	pages = {86--106},
	volume = {21},
	number = {1},
	url = {Article/Detail?docID=10249877-201303-201304080027-201304080027-86-106},
	note = {Publisher: 行政院勞工委員會勞工安全衛生研究所},
	langid = {繁體中文}
}

@article{chang2013,
	title = {事故調查與分析方法之應用},
	author = {Chang, Cheng-Ming and Yu, Shuh-Woei and Chang, Ri-Cheng},
	year = {2013},
	date = {2013},
	journal = {勞工安全衛生研究季刊},
	pages = {86--106},
	volume = {21},
	number = {1},
	url = {Article/Detail?docID=10249877-201303-201304080027-201304080027-86-106},
	note = {Publisher: 行政院勞工委員會勞工安全衛生研究所},
	langid = {繁體中文}
}

@misc{iso2018,
	title = {ISO 45001:2018 Occupational health and safety management systems: Requirements with guidance for use},
	author = {ISO 2018, }
}

@article{doe2012a,
	title = {Accident and Operational Safety Analysis, Volume I, Accident Analysis Techniques},
	author = {DOE, },
	year = {2012},
	date = {2012},
	url = {https://www.standards.doe.gov/standards-documents/1200/1208-bhdbk-2012-v1},
	langid = {en-us}
}

@article{pryorp.2012,
	title = {Models of Causation: Safety},
	author = {{Pryor, P.},  and {Capra, M.}, },
	year = {2012},
	date = {2012},
	note = {OCLC: 805509976},
	langid = {eng}
}

@article{lundberg2009,
	title = {What-You-Look-For-Is-What-You-Find {\textendash} The consequences of underlying accident models in eight accident investigation manuals},
	author = {Lundberg, Jonas and Rollenhagen, Carl and Hollnagel, Erik},
	year = {2009},
	month = {12},
	date = {2009-12},
	journal = {Safety Science},
	pages = {1297--1311},
	volume = {47},
	number = {10},
	doi = {10.1016/j.ssci.2009.01.004},
	url = {https://linkinghub.elsevier.com/retrieve/pii/S0925753509000137},
	langid = {en}
}

@article{doe2012b,
	title = {Accident and Operational Safety Analysis, Volume I, Accident Analysis Techniques},
	author = {DOE, },
	year = {2012},
	date = {2012},
	url = {https://www.standards.doe.gov/standards-documents/1200/1208-bhdbk-2012-v1},
	langid = {en-us}
}

@article{oakley2003,
	title = {Accident investigation techniques},
	author = {Oakley, J},
	year = {2003},
	date = {2003},
	url = {https://www.sweetstudy.com/sites/default/files/qx/16/08/20/01/coffin-charles-1.pdf}
}

@article{zhíanshu2021,
	title = {勞動部重大災害通報及檢查處理要點},
	author = {{職安署}, },
	year = {2021},
	date = {2021},
	url = {https://www.9001.org.tw/Content/Upload/files/%E5%8B%9E%E5%8B%95%E9%83%A8%E9%87%8D%E5%A4%A7%E7%81%BD%E5%AE%B3%E9%80%9A%E5%A0%B1%E5%8F%8A%E6%AA%A2%E6%9F%A5%E8%99%95%E7%90%86%E8%A6%81%E9%BB%9E.pdf}
}

@article{molosha2021,
	title = {勞動部重大災害通報及檢查處理要點},
	author = {MOL OSHA, {職安署}},
	year = {2021},
	date = {2021},
	url = {https://www.9001.org.tw/Content/Upload/files/%E5%8B%9E%E5%8B%95%E9%83%A8%E9%87%8D%E5%A4%A7%E7%81%BD%E5%AE%B3%E9%80%9A%E5%A0%B1%E5%8F%8A%E6%AA%A2%E6%9F%A5%E8%99%95%E7%90%86%E8%A6%81%E9%BB%9E.pdf}
}

@article{mol-osha2021,
	title = {勞動部重大災害通報及檢查處理要點},
	author = {MOL-OSHA, {職安署}},
	year = {2021},
	date = {2021},
	url = {https://www.9001.org.tw/Content/Upload/files/%E5%8B%9E%E5%8B%95%E9%83%A8%E9%87%8D%E5%A4%A7%E7%81%BD%E5%AE%B3%E9%80%9A%E5%A0%B1%E5%8F%8A%E6%AA%A2%E6%9F%A5%E8%99%95%E7%90%86%E8%A6%81%E9%BB%9E.pdf}
}
